@INPROCEEDINGS{halevy:2003:smp,
	author={Halevy, A.Y. and Ives, Z.G. and Suciu, D. and Tatarinov, I.},
	booktitle={Data Engineering, 2003. Proceedings. 19th International Conference on},
	title={Schema mediation in peer data management systems},
	year={2003},
	month={March},
	pages={505-516},
	keywords={data structures;distributed databases;query formulation;query languages;query processing;data integration tool;data management tool;peer data management system;query answering complexity;query optimisation;query reformulation;schema design;schema mediation;semantic information;semantic mapping;Cost function;Database languages;HTML;Investments;Mediation;Memory;Optimization methods;Standardization;Terminology;XML},
	doi={10.1109/ICDE.2003.1260817}
}

@inproceedings{akar:2012:ldow,
	title={Querying the Web of Interlinked Datasets using VOID Descriptions.},
	author={Akar, Ziya and Hala{\c{c}}, Tayfun G{\"o}kmen and Ekinci, Erdem Eser and Dikenelli, Oguz},
	booktitle={LDOW},
	year={2012}
}

@inproceedings{alexander:2009:dld,
	author              = {K. Alexander and 
		R. Cyganiak and 
			M. Hausenblas and 
			J. Zhao},
	title               = {Describing Linked Datasets - On the Design and Usage of VoiD, the 'Vocabulary of Interlinked Datasets'.},
	booktitle           = {WWW 2009 Workshop: Linked Data on the Web (LDOW2009)},
	year                = {2009},
}

@article{konrath:2012:schemex,
	title={Schemexâ€”efficient construction of a data catalogue by stream-based indexing of linked data},
	author={Konrath, Mathias and Gottron, Thomas and Staab, Steffen and Scherp, Ansgar},
	journal={Web Semantics: Science, Services and Agents on the World Wide Web},
	volume={16},
	pages={52--58},
	year={2012},
	publisher={Elsevier}
}

@inproceedings{cheng:2008:fsb,
	author = {Cheng, Gong and Ge, Weiyi and Qu, Yuzhong},
	title = {Falcons: Searching and Browsing Entities on the Semantic Web},
	booktitle = {Proceedings of the 17th International Conference on World Wide Web},
	series = {WWW '08},
	year = {2008},
	isbn = {978-1-60558-085-2},
	location = {Beijing, China},
	pages = {1101--1102},
	numpages = {2},
	url = {http://doi.acm.org/10.1145/1367497.1367676},
	doi = {10.1145/1367497.1367676},
	acmid = {1367676},
	publisher = {ACM},
	address = {New York, NY, USA},
	keywords = {indexing, search engine, semantic web, summarization}
} 

@inproceedings{ding:2004:ssm,
	author = {Ding, Li and Finin, Tim and Joshi, Anupam and Pan, Rong and Cost, R. Scott and Peng, Yun and Reddivari, Pavan and Doshi, Vishal and Sachs, Joel},
	title = {Swoogle: A Search and Metadata Engine for the Semantic Web},
	booktitle = {Proceedings of the Thirteenth ACM International Conference on Information and Knowledge Management},
	series = {CIKM '04},
	year = {2004},
	isbn = {1-58113-874-1},
	location = {Washington, D.C., USA},
	pages = {652--659},
	numpages = {8},
	url = {http://doi.acm.org/10.1145/1031171.1031289},
	doi = {10.1145/1031171.1031289},
	acmid = {1031289},
	publisher = {ACM},
	address = {New York, NY, USA},
	keywords = {crawler, metadata, rank, search, semantic web}
}

@article{oren:2008:sdl,
	author = {Oren, Eyal and Delbru, Renaud and Catasta, Michele and Cyganiak, Richard and Stenzhorn, Holger and Tummarello, Giovanni},
	title = {Sindice.Com\&\#58; a Document\&\#45;Oriented Lookup Index for Open Linked Data},
	journal = {Int. J. Metadata Semant. Ontologies},
	issue_date = {January 2008},
	volume = {3},
	number = {1},
	month = nov,
	year = {2008},
	issn = {1744-2621},
	pages = {37--52},
	numpages = {16},
	url = {http://dx.doi.org/10.1504/IJMSO.2008.021204},
	doi = {10.1504/IJMSO.2008.021204},
	acmid = {1459187},
	publisher = {Inderscience Publishers},
	address = {Inderscience Publishers, Geneva, SWITZERLAND},
	keywords = {data discovery, document location, full\&\#45;text searching, indexing, information retrieval, large datasets, lookup index, open linked data, resource retrieval, scalability, semantic web, sitemap protocol}
} 

@inproceedings{campinas:2011:eos,
	author = {S. Campinas and D. Ceccarelli and Perry, T. E. and R. Delbru and K. Balog and G. Tummarello},
	title = {The {Sindice-2011} Dataset for Entity-Oriented Search in the Web of Data},
	booktitle = {1st International Workshop on Entity-Oriented Search (EOS)},
	year = {2011},
	month = {July}
}

@article{bizer:2009:linked,
	title={Linked data-the story so far},
	author={Bizer, Christian and Heath, Tom and Berners-Lee, Tim},
	journal={International journal on semantic web and information systems},
	volume={5},
	number={3},
	pages={1--22},
	year={2009}
}

@inproceedings{hartig:2009:esq,
	author = {Hartig, Olaf and Bizer, Christian and Freytag, Johann-Christoph},
	title = {Executing SPARQL Queries over the Web of Linked Data},
	booktitle = {Proceedings of the 8th International Semantic Web Conference},
	series = {ISWC '09},
	year = {2009},
	isbn = {978-3-642-04929-3},
	location = {Chantilly, VA},
	pages = {293--309},
	numpages = {17},
	url = {http://dx.doi.org/10.1007/978-3-642-04930-9_19},
	doi = {10.1007/978-3-642-04930-9_19},
	acmid = {1693704},
	publisher = {Springer-Verlag},
	address = {Berlin, Heidelberg}
}
