@misc{PrudS08,
	author = {Prud'hommeaux, Eric and Seaborne, Andy},
	howpublished = {W3C Recommendation},
	title = {SPARQL Query Language for RDF},
	year = 2008
}

@book{grunwald:2007:mdl,
	title={The minimum description length principle},
	author={Gr{\"u}nwald, Peter D},
	year={2007},
	publisher={MIT press}
}

@article{polyzotis:2006:xsx,
	author = {Polyzotis, Neoklis and Garofalakis, Minos},
	title = {{XS}ketch {S}ynopses for {XML} {D}ata {G}raphs},
	journal = {ACM Trans. Database Syst.},
	issue_date = {September 2006},
	volume = {31},
	number = {3},
	month = sep,
	year = {2006},
	issn = {0362-5915},
	pages = {1014--1063},
	numpages = {50},
	url = {http://doi.acm.org/10.1145/1166074.1166082},
	doi = {10.1145/1166074.1166082},
	acmid = {1166082},
	publisher = {ACM},
	address = {New York, NY, USA},
	keywords = {XML, approximate query processing, data synopses, path expressions}
}
