@article{schaeffer:2007:graph,
	title={Graph clustering},
	author={Schaeffer, Satu Elisa},
	journal={Computer Science Review},
	volume={1},
	number={1},
	pages={27--64},
	year={2007},
	publisher={Elsevier}
}

@inproceedings{hull:1989:usi,
	author = {Hull, R. and Su, J.},
	title = {{U}ntyped {S}ets, {I}nvention, and {C}omputable {Q}ueries},
	booktitle = {Proceedings of the Eighth ACM SIGACT-SIGMOD-SIGART Symposium on Principles of Database Systems},
	series = {PODS '89},
	year = {1989},
	isbn = {0-89791-308-6},
	location = {Philadelphia, Pennsylvania, USA},
	pages = {347--359},
	numpages = {13},
	url = {http://doi.acm.org/10.1145/73721.73755},
	doi = {10.1145/73721.73755},
	acmid = {73755},
	publisher = {ACM},
	address = {New York, NY, USA}
}

@misc{mapfile,
	title = {{A}pache {H}adoop - {M}ap{F}ile},
	key = {Jon Zuanich},
	howpublished = {\url{http://blog.cloudera.com/blog/2011/01/hadoop-io-sequence-map-set-array-bloommap-files/}},
	note = {Accessed: 09 Jan 2015}
}

@misc{hfile,
	title = {{A}pache {HB}ase {I}/{O} - {HF}ile},
	key = {Matteo Bertozzi},
	howpublished = {\url{http://blog.cloudera.com/blog/2012/06/hbase-io-hfile-input-output/}},
	note = {Accessed: 09 Jan 2015}
}

@misc{murmurhash3-gcode,
	title = {MurmurHash3 on smhasher},
	key = {The smhasher team},
	howpublished = {\url{https://code.google.com/p/smhasher/}},
	note = {Accessed: 09 Jan 2015}
}

@misc{murmurhash3-blog,
	title = {{MurMurHash3, an ultra fast hash algorithm for C\# / .NET }},
	author = {Adam Horvath},
	howpublished = {\url{http://blog.teamleadnet.com/2012/08/murmurhash3-ultra-fast-hash-algorithm.html}},
	note = {Accessed: 09 Jan 2015}
}

@inproceedings{dean:2004:msd,
 author = {Dean, Jeffrey and Ghemawat, Sanjay},
 title = {MapReduce: Simplified Data Processing on Large Clusters},
 booktitle = {Proceedings of the 6th Conference on Symposium on Opearting Systems Design \& Implementation - Volume 6},
 series = {OSDI'04},
 year = {2004},
 location = {San Francisco, CA},
 pages = {10--10},
 numpages = {1},
 url = {http://dl.acm.org/citation.cfm?id=1251254.1251264},
 acmid = {1251264},
 publisher = {USENIX Association},
 address = {Berkeley, CA, USA}
}

@inproceedings{rudolf:2013:slg,
 author = {Rudolf, Michael and Paradies, Marcus and Bornh\"{o}vd, Christof and Lehner, Wolfgang},
 title = {SynopSys: Large Graph Analytics in the SAP HANA Database Through Summarization},
 booktitle = {First International Workshop on Graph Data Management Experiences and Systems},
 series = {GRADES '13},
 year = {2013},
 isbn = {978-1-4503-2188-4},
 location = {New York, New York},
 pages = {16:1--16:6},
 articleno = {16},
 numpages = {6},
 url = {http://doi.acm.org/10.1145/2484425.2484441},
 doi = {10.1145/2484425.2484441},
 acmid = {2484441},
 publisher = {ACM},
 address = {New York, NY, USA},
 keywords = {SAP HANA database system, graph matching, graph summarization, graph transformation}
}

@INPROCEEDINGS{zhengkui:2014:ppg, 
author={Zhengkui Wang and Qi Fan and Huiju Wang and Kian-Lee Tan and Agrawal, D. and El Abbadi, A.}, 
booktitle={Data Engineering (ICDE), 2014 IEEE 30th International Conference on}, 
title={Pagrol: Parallel graph olap over large-scale attributed graphs}, 
year={2014}, 
month={March}, 
pages={496-507}, 
keywords={data mining;graph theory;parallel algorithms;social networking (online);Facebook;MRGraph-cubing;MapReduce-based parallel graph cubing algorithm;Pagrol;conceptual hyper graph cube model;decision making;information networks;large-scale attributed graphs;numerous optimization techniques;online analytical processing;parallel graph OLAP system;self-contained join strategy;single MapReduce job;Aggregates;Cities and towns;Computational modeling;Decision making;Educational institutions;Lattices;Warehousing}, 
doi={10.1109/ICDE.2014.6816676}
}

@article{zhang:2010:ddg,
author = {Zhang, Ning and Tian, Yuanyuan and Patel, Jignesh M.},
doi = {10.1109/ICDE.2010.5447830},
isbn = {978-1-4244-5445-7},
journal = {2010 IEEE 26th International Conference on Data Engineering (ICDE 2010)},
mendeley-groups = {graph summary},
pages = {880--891},
publisher = {Ieee},
title = {{Discovery-driven graph summarization}},
url = {http://ieeexplore.ieee.org/lpdocs/epic03/wrapper.htm?arnumber=5447830},
year = {2010}
}

@inproceedings{riondato:2014:gsq,
author= {M. Riondato and D. Garcia-Soriano and F. Bonchi},
title= {Graph Summarization with Quality Guarantees},
 booktitle = {Proceedings of the 2014 IEEE International Conference on Data Mining},
 series = {ICDM '14},
 year = {2014}
}

@incollection{hellmann:2014:kbc,
  title={Knowledge Base Creation, Enrichment and Repair},
  author={Hellmann, Sebastian and Bryl, Volha and B{\"u}hmann, Lorenz and Dojchinovski, Milan and Kontokostas, Dimitris and Lehmann, Jens and Milo{\v{s}}evi{\'c}, Uro{\v{s}} and Petrovski, Petar and Sv{\'a}tek, Vojt{\v{e}}ch and Stanojevi{\'c}, Mladen and others},
  booktitle={Linked Open Data--Creating Knowledge Out of Interlinked Data},
  pages={45--69},
  year={2014},
  publisher={Springer}
}

@misc{tbl:1997:wam,
  author = {Berners-Lee, Tim},
  title = {Web architecture: Metadata},
  howpublished = {\url{http://www.w3.org/DesignIssues/Metadata.html}},
  note = {Accessed: 2014-11-28},
  year = {1997}
}

@article{liu:cikm:2014,
author = {Liu, Xingjie and Tian, Yuanyuan and He, Qi and Lee, WC and McPherson, J},
file = {:home/stecam/documents/Mendeley Desktop/Liu et al/Unknown/Liu et al. - 2014 - Distributed Graph Summarization.pdf:pdf},
isbn = {9781450325981},
mendeley-groups = {graph summary},
title = {{Distributed Graph Summarization}},
url = {http://researcher.ibm.com/researcher/files/us-ytian/db0189-liu.pdf},
year = {2014}
}

@article{zheng:ipsj:2011,
author="Zheng, Liu and Jeffrey, XuYu and Hong, Cheng",
title="Approximate Homogeneous Graph Summarization",
journal="IPSJ Journal",
ISSN="03875806",
publisher="Information Processing Society of Japan (IPSJ)",
year="2011",
month="dec",
volume="52",
number="12",
pages="12p",
URL="http://ci.nii.ac.jp/naid/110008719889/en/",
DOI=""
}

@inproceedings{colazzo:www:2014,
 author = {Colazzo, Dario and Goasdou{\'e}, Fran\c{c}ois and Manolescu, Ioana and Roati\c{s}, Alexandra},
 title = {RDF Analytics: Lenses over Semantic Graphs},
 booktitle = {Proceedings of the 23rd International Conference on World Wide Web},
 series = {WWW '14},
 year = {2014},
 isbn = {978-1-4503-2744-2},
 location = {Seoul, Korea},
 pages = {467--478},
 numpages = {12},
 url = {http://dx.doi.org/10.1145/2566486.2567982},
 doi = {10.1145/2566486.2567982},
 acmid = {2567982},
 publisher = {International World Wide Web Conferences Steering Committee},
 address = {Republic and Canton of Geneva, Switzerland},
 keywords = {OLAP, RDF, data warehouse}
}

@INPROCEEDINGS{chen:icdm:2008,
author={Chen Chen and Yan, X. and Feida Zhu and Jiawei Han and Yu, P.S.},
booktitle={Data Mining, 2008. ICDM '08. Eighth IEEE International Conference on},
title={Graph OLAP: Towards Online Analytical Processing on Graphs},
year={2008},
month={Dec},
pages={103-112},
keywords={data analysis;data mining;graph theory;OLAP;aggregated graph;data analysis;graph analysis;multilevel view over graph;on-line analytical processing;Aggregates;Chemical compounds;Circuits;Computer networks;Data analysis;Data mining;NASA;Navigation;Pattern recognition;Proteins},
doi={10.1109/ICDM.2008.30},
ISSN={1550-4786}
}

@inproceedings{qu:dasfaa:2011,
 author = {Qu, Qiang and Zhu, Feida and Yan, Xifeng and Han, Jiawei and Yu, Philip S. and Li, Hongyan},
 title = {Efficient Topological OLAP on Information Networks},
 booktitle = {Proceedings of the 16th International Conference on Database Systems for Advanced Applications - Volume Part I},
 series = {DASFAA'11},
 year = {2011},
 isbn = {978-3-642-20148-6},
 location = {Hong Kong, China},
 pages = {389--403},
 numpages = {15},
 url = {http://dl.acm.org/citation.cfm?id=1997305.1997343},
 acmid = {1997343},
 publisher = {Springer-Verlag},
 address = {Berlin, Heidelberg}
}

@inproceedings{zhao:sigmod:2011,
 author = {Zhao, Peixiang and Li, Xiaolei and Xin, Dong and Han, Jiawei},
 title = {Graph Cube: On Warehousing and OLAP Multidimensional Networks},
 booktitle = {Proceedings of the 2011 ACM SIGMOD International Conference on Management of Data},
 series = {SIGMOD '11},
 year = {2011},
 isbn = {978-1-4503-0661-4},
 location = {Athens, Greece},
 pages = {853--864},
 numpages = {12},
 url = {http://doi.acm.org/10.1145/1989323.1989413},
 doi = {10.1145/1989323.1989413},
 acmid = {1989413},
 publisher = {ACM},
 address = {New York, NY, USA},
 keywords = {OLAP, data cube, data warehouse, graph cube, multidimensional network}
}

@incollection{you:2013:towards,
  title={{T}owards {G}raph {S}ummary and {A}ggregation: a {S}urvey},
  author={You, Jinguo and Pan, Qiuping and Shi, Wei and Zhang, Zhipeng and Hu, Jianhua},
  booktitle={Social Media Retrieval and Mining},
  pages={3--12},
  year={2013},
  publisher={Springer}
}

@article{konrath:jws:2012,
	author = {Mathias Konrath and Thomas Gottron and Steffen Staab and Ansgar Scherp},
	title = {{S}chem{EX} - {E}fficient {C}onstruction of a {D}ata {C}atalogue by {S}tream-based {I}ndexing of {L}inked {D}ata},
	journal = {Web Semantics: Science, Services and Agents on the World Wide Web},
	volume = {16},
	number = {5},
	year = {2012},
	publisher = {Elsevier},
	keywords = {Schema, Indexing, Stream Processing, Linked Open Data, SchemEX, Billion Triples Challenge 2000 MSC: 68P20, 68P05},
	issn = {1570-8268},
	url = {http://www.websemanticsjournal.org/index.php/ps/article/view/296}
}

@article{Chen:2009:MGP:1687627.1687711,
 author = {Chen, Chen and Lin, Cindy X. and Fredrikson, Matt and Christodorescu, Mihai and Yan, Xifeng and Han, Jiawei},
 title = {{M}ining {G}raph {P}atterns {E}fficiently via {R}andomized {S}ummaries},
 journal = {Proc. VLDB Endow.},
 issue_date = {August 2009},
 volume = {2},
 number = {1},
 month = aug,
 year = {2009},
 issn = {2150-8097},
 pages = {742--753},
 numpages = {12},
 url = {http://dx.doi.org/10.14778/1687627.1687711},
 doi = {10.14778/1687627.1687711},
 acmid = {1687711},
 publisher = {VLDB Endowment}
} 

@phdthesis{kunii1983graph,
  title={Graph data language: a high level access-path oriented language},
  author={Kunii, Hideko},
  year={1983},
  school={University of Texas at Austin}
}

@article{Kunii1987,
author = {Kunii, HS},
file = {:home/stecam/documents/Mendeley Desktop/Kunii/Proceedings of the 1987 Fall Joint Computer \ldots/Kunii - 1987 - DBMS with graph data model for knowledge handling.pdf:pdf},
journal = {Proceedings of the 1987 Fall Joint Computer \ldots},
pages = {138--142},
title = {{DBMS with graph data model for knowledge handling}},
url = {http://dl.acm.org/citation.cfm?id=42071},
volume = {138},
year = {1987}
}

@inproceedings{wang:2000:ags,
 author = {Wang, Qiu Yue and Yu, Jeffrey X. and Wong, Kam-Fai},
 title = {Approximate Graph Schema Extraction for Semi-Structured Data},
 booktitle = {Proceedings of the 7th International Conference on Extending Database Technology: Advances in Database Technology},
 series = {EDBT '00},
 year = {2000},
 isbn = {3-540-67227-3},
 pages = {302--316},
 numpages = {15},
 url = {http://dl.acm.org/citation.cfm?id=645339.650133},
 acmid = {650133},
 publisher = {Springer-Verlag},
 address = {London, UK, UK},
} 

@inproceedings{Nestorov:1998:ESS:276304.276331,
 author = {Nestorov, Svetlozar and Abiteboul, Serge and Motwani, Rajeev},
 title = {Extracting Schema from Semistructured Data},
 booktitle = {Proceedings of the 1998 ACM SIGMOD International Conference on Management of Data},
 series = {SIGMOD '98},
 year = {1998},
 isbn = {0-89791-995-5},
 location = {Seattle, Washington, USA},
 pages = {295--306},
 numpages = {12},
 url = {http://doi.acm.org/10.1145/276304.276331},
 doi = {10.1145/276304.276331},
 acmid = {276331},
 publisher = {ACM},
 address = {New York, NY, USA},
} 

@article{bray:1998:xml,
  title={Extensible markup language (XML)},
  author={Bray, Tim and Paoli, Jean and Sperberg-McQueen, C Michael and Maler, Eve and Yergeau, Fran{\c{c}}ois},
  journal={World Wide Web Consortium Recommendation REC-xml-19980210. http://www. w3. org/TR/1998/REC-xml-19980210},
  year={1998}
}

@inproceedings{yu:2006:schema-summarization,
 author = {Yu, Cong and Jagadish, H. V.},
 title = {Schema Summarization},
 booktitle = {Proceedings of the 32Nd International Conference on Very Large Data Bases},
 series = {VLDB '06},
 year = {2006},
 location = {Seoul, Korea},
 pages = {319--330},
 numpages = {12},
 url = {http://dl.acm.org/citation.cfm?id=1182635.1164156},
 acmid = {1164156},
 publisher = {VLDB Endowment},
}

@article{yang:2011:summary-graphs,
  added-at = {2011-10-31T00:00:00.000+0100},
  author = {Yang, Xiaoyan and Procopiuc, Cecilia M. and Srivastava, Divesh},
  biburl = {http://www.bibsonomy.org/bibtex/2c56fa821f6c5227983beacfacc4f681a/dblp},
  ee = {http://www.vldb.org/pvldb/vol4/p899-yang.pdf},
  interhash = {ea4452421cb9dd136f28c88dd788e923},
  intrahash = {c56fa821f6c5227983beacfacc4f681a},
  journal = {PVLDB},
  keywords = {dblp},
  number = 11,
  pages = {899-910},
  timestamp = {2011-10-31T00:00:00.000+0100},
  title = {Summary Graphs for Relational Database Schemas.},
  url = {http://dblp.uni-trier.de/db/journals/pvldb/pvldb4.html\#YangPS11a},
  volume = 4,
  year = 2011
}

@article{delbru:jws:entity,
	author = {Renaud Delbru and Stephane Campinas and Giovanni Tummarello},
	title = {Searching Web Data: an Entity Retrieval and High-Performance Indexing Model},
	journal = {Web Semantics: Science, Services and Agents on the World Wide Web},
	volume = {10},
	number = {0},
	year = {2012},
	publisher = {Elsevier},
	keywords = {Sindice; Information Retrieval; Entity Retrieval; Indexing Scheme; Compression; Semantic Web; Web Data; Semi-Structured Data; RDF; Inverted Index; Search Engine; Entity Search;},
    issn = {1570-8268},
    url = {http://www.websemanticsjournal.org/index.php/ps/article/view/223}
}

@inproceedings{papakonstantinou:1995:oea,
 author = {Papakonstantinou, Yannis and Garcia-Molina, Hector and Widom, Jennifer},
 title = {Object Exchange Across Heterogeneous Information Sources},
 booktitle = {Proceedings of the Eleventh International Conference on Data Engineering},
 series = {ICDE '95},
 year = {1995},
 isbn = {0-8186-6910-1},
 pages = {251--260},
 numpages = {10},
 url = {http://dl.acm.org/citation.cfm?id=645480.655297},
 acmid = {655297},
 publisher = {IEEE Computer Society},
 address = {Washington, DC, USA},
 keywords = {data structures, distributed databases, dynamic information sources, general-purpose libraries, heterogeneous bibliographic information sources, heterogeneous information sources, information exchange, information integration problem, object exchange, object-based information exchange model, object-oriented databases, query language, query languages, query processing}
}

@incollection{antoniou2004web,
  title={Web ontology language: Owl},
  author={Antoniou, Grigoris and Van Harmelen, Frank},
  booktitle={Handbook on ontologies},
  pages={67--92},
  year={2004},
  publisher={Springer}
}

@article{sowa2006semantic,
  title={Semantic networks},
  author={Sowa, John F},
  journal={Encyclopedia of Cognitive Science},
  year={2006},
  publisher={Wiley Online Library}
}

@article{Fernandez:1990:IEA:87626.87629,
 author = {Fernandez, J.-C.},
 title = {An implementation of an efficient algorithm for bisimulation equivalence},
 journal = {Sci. Comput. Program.},
 issue_date = {May 1990},
 volume = {13},
 number = {2-3},
 month = apr,
 year = {1990},
 issn = {0167-6423},
 pages = {219--236},
 numpages = {18},
 url = {http://dx.doi.org/10.1016/0167-6423(90)90071-K},
 doi = {10.1016/0167-6423(90)90071-K},
 acmid = {87629},
 publisher = {Elsevier North-Holland, Inc.},
 address = {Amsterdam, The Netherlands, The Netherlands},
}

@inproceedings{park:1981:cai,
 author = {Park, David},
 title = {Concurrency and Automata on Infinite Sequences},
 booktitle = {Proceedings of the 5th GI-Conference on Theoretical Computer Science},
 year = {1981},
 isbn = {3-540-10576-X},
 pages = {167--183},
 numpages = {17},
 url = {http://dl.acm.org/citation.cfm?id=647210.720030},
 acmid = {720030},
 publisher = {Springer-Verlag},
 address = {London, UK, UK}
} 

@inproceedings{Henzinger:1995:CSF:795662.796255,
 author = {Henzinger, M. R. and Henzinger, T. A. and Kopke, P. W.},
 title = {Computing simulations on finite and infinite graphs},
 booktitle = {Proceedings of the 36th Annual Symposium on Foundations of Computer Science},
 series = {FOCS '95},
 year = {1995},
 isbn = {0-8186-7183-1},
 pages = {453--},
 url = {http://dl.acm.org/citation.cfm?id=795662.796255},
 acmid = {796255},
 publisher = {IEEE Computer Society},
 address = {Washington, DC, USA},
 keywords = {2D rectangular automata, O(mn) algorithm, automata theory, continuous environments, decidability, finite graphs, graph theory, infinite graphs, labeled graphs, model-checking problem, reactive systems verification, similarity relations, simulations computing, symbolic similarity-checking procedure}
}

@inproceedings{campinas:2012:dexa,
  author    = {St{\'e}phane Campinas and
               Thomas Perry and
               Diego Ceccarelli and
               Renaud Delbru and
               Giovanni Tummarello},
  title     = {Introducing RDF Graph Summary with Application to Assisted
               SPARQL Formulation},
  booktitle = {DEXA Workshops},
  year      = {2012},
  pages     = {261-266},
  ee        = {http://doi.ieeecomputersociety.org/10.1109/DEXA.2012.38},
  bibsource = {DBLP, http://dblp.uni-trier.de}
}

@inproceedings{kaushik:2002:cib,
 author = {Kaushik, Raghav and Bohannon, Philip and Naughton, Jeffrey F and Korth, Henry F},
 title = {Covering indexes for branching path queries},
 booktitle = {Proceedings of the 2002 ACM SIGMOD international conference on Management of data},
 series = {SIGMOD '02},
 year = {2002},
 isbn = {1-58113-497-5},
 location = {Madison, Wisconsin},
 pages = {133--144},
 numpages = {12},
 url = {http://doi.acm.org/10.1145/564691.564707},
 doi = {10.1145/564691.564707},
 acmid = {564707},
 publisher = {ACM},
 address = {New York, NY, USA}
}

@ARTICLE{jarrar:2012,
author={Jarrar, M. and Dikaiakos, M.D.},
journal={Knowledge and Data Engineering, IEEE Transactions on}, title={A Query Formulation Language for the Data Web},
year={2012},
volume={24},
number={5},
pages={783-798},
keywords={XML;indexing;online front-ends;query languages;relational databases;user interfaces;DBLP data set;DBPedia data set;Firefox;MashQL language;RDF query;Web browser;Web composer;Web feed;XML;data Web;data source;extensible markup language;indexing technique;inline schema;mashup editor;offline schema;query formulation language;relational database;structured data fusion;structured data query;user interaction;Mashups;Relational databases;Resource description framework;Semantics;Syntactics;XML;Query formulation;RDF and SPARQL;indexing methods.;semanticdata web},
doi={10.1109/TKDE.2011.41},
ISSN={1041-4347}
}

@inproceedings{Milo:1999:ISP:645503.656266,
 author = {Milo, Tova and Suciu, Dan},
 title = {Index Structures for Path Expressions},
 booktitle = {Proceedings of the 7th International Conference on Database Theory},
 series = {ICDT '99},
 year = {1999},
 isbn = {3-540-65452-6},
 pages = {277--295},
 numpages = {19},
 url = {http://dl.acm.org/citation.cfm?id=645503.656266},
 acmid = {656266},
 publisher = {Springer-Verlag},
 address = {London, UK, UK},
}

@inproceedings{tian:sigmod:2008,
 author = {Tian, Yuanyuan and Hankins, Richard A. and Patel, Jignesh M.},
 title = {Efficient aggregation for graph summarization},
 booktitle = {Proceedings of the 2008 ACM SIGMOD international conference on Management of data},
 series = {SIGMOD '08},
 year = {2008},
 isbn = {978-1-60558-102-6},
 location = {Vancouver, Canada},
 pages = {567--580},
 numpages = {14},
 url = {http://doi.acm.org/10.1145/1376616.1376675},
 doi = {10.1145/1376616.1376675},
 acmid = {1376675},
 publisher = {ACM},
 address = {New York, NY, USA},
 keywords = {aggregation, graphs, social networks, summarization},
}

@inproceedings{goldman1999approximate,
  title={Approximate dataguides},
  author={Goldman, Roy and Widom, Jennifer},
  booktitle={Proceedings of the Workshop on Query Processing for Semistructured Data and Non-Standard Data Formats},
  volume={97},
  pages={436--445},
  year={1999}
}

@article{goldman1997dataguides,
 author = {Goldman, Roy and Widom, Jennifer},
 title = {DataGuides: Enabling Query Formulation and Optimization in Semistructured Databases},
 booktitle = {Proceedings of the 23rd International Conference on Very Large Data Bases},
 series = {VLDB '97},
 year = {1997},
 isbn = {1-55860-470-7},
 pages = {436--445},
 numpages = {10},
 url = {http://dl.acm.org/citation.cfm?id=645923.671008},
 acmid = {671008},
 publisher = {Morgan Kaufmann Publishers Inc.},
 address = {San Francisco, CA, USA},
}

@inproceedings{Christodoulou:2013:SIL:2457317.2457328,
 author = {Christodoulou, Klitos and Paton, Norman W. and Fernandes, Alvaro A. A.},
 title = {Structure inference for linked data sources using clustering},
 booktitle = {Proceedings of the Joint EDBT/ICDT 2013 Workshops},
 series = {EDBT '13},
 year = {2013},
 isbn = {978-1-4503-1599-9},
 location = {Genoa, Italy},
 pages = {60--67},
 numpages = {8},
 url = {http://doi.acm.org/10.1145/2457317.2457328},
 doi = {10.1145/2457317.2457328},
 acmid = {2457328},
 publisher = {ACM},
 address = {New York, NY, USA},
}

@INPROCEEDINGS{kaushik:de:2002,
author={Kaushik, R. and Shenoy, P. and Bohannon, P. and Gudes, E.},
booktitle={Data Engineering, 2002. Proceedings. 18th International Conference on},
title={Exploiting local similarity for indexing paths in graph-structured data},
year={2002},
pages={129-140},
keywords={data structures;database indexing;directed graphs;hypermedia markup languages;query languages;query processing;XML;complex path expressions;data structures;directed graph;experiments;k-bisimilarity;missing schema information;query languages;regular path queries;semi-structured data;structural summary;Data engineering;Data mining;Data models;Data structures;Database languages;Indexing;Query processing;Statistics;XML},
doi={10.1109/ICDE.2002.994703},
ISSN={1063-6382},
}

@inproceedings{chen:2003:dia,
 author = {Chen, Qun and Lim, Andrew and Ong, Kian Win},
 title = {D(k)-index: an adaptive structural summary for graph-structured data},
 booktitle = {Proceedings of the 2003 ACM SIGMOD international conference on Management of data},
 series = {SIGMOD '03},
 year = {2003},
 isbn = {1-58113-634-X},
 location = {San Diego, California},
 pages = {134--144},
 numpages = {11},
 url = {http://doi.acm.org/10.1145/872757.872776},
 doi = {10.1145/872757.872776},
 acmid = {872776},
 publisher = {ACM},
 address = {New York, NY, USA},
}

@inproceedings{DBLP:conf/esws/KhatchadourianC10,
  author    = {Shahan Khatchadourian and
               Mariano P. Consens},
  title     = {ExpLOD: Summary-Based Exploration of Interlinking and RDF
               Usage in the Linked Open Data Cloud},
  booktitle = {ESWC (2)},
  year      = {2010},
  pages     = {272-287},
  ee        = {http://dx.doi.org/10.1007/978-3-642-13489-0\_19},
  bibsource = {DBLP, http://dblp.uni-trier.de}
}

@article{Tran:2012:kde,
  author = {Thanh Tran and Gunter Ladwig and Sebastian Rudolph},
  title = {RDF Data Data Partitioning and Query Processing Using Structure Indexes},
  journal ={IEEE Transactions on Knowledge and Data Engineering},
  volume = {99},
  number = {PrePrints},
  issn = {1041-4347},
  year = {2012},
  doi = {http://doi.ieeecomputersociety.org/10.1109/TKDE.2012.134},
  publisher = {IEEE Computer Society},
  address = {Los Alamitos, CA, USA},
}

@inproceedings{navlakha:2008:gsb,
 author = {Navlakha, Saket and Rastogi, Rajeev and Shrivastava, Nisheeth},
 title = {Graph summarization with bounded error},
 booktitle = {Proceedings of the 2008 ACM SIGMOD international conference on Management of data},
 series = {SIGMOD '08},
 year = {2008},
 isbn = {978-1-60558-102-6},
 location = {Vancouver, Canada},
 pages = {419--432},
 numpages = {14},
 url = {http://doi.acm.org/10.1145/1376616.1376661},
 doi = {10.1145/1376616.1376661},
 acmid = {1376661},
 publisher = {ACM},
 address = {New York, NY, USA},
 keywords = {approximation, graph compression, minimum description length}
}

@inproceedings{Ghazizadeh:2002:SSE:647859.736135,
 author = {Ghazizadeh, Shayan and Chawathe, Sudarshan S.},
 title = {SEuS: Structure Extraction Using Summaries},
 booktitle = {Proceedings of the 5th International Conference on Discovery Science},
 series = {DS '02},
 year = {2002},
 isbn = {3-540-00188-3},
 pages = {71--85},
 numpages = {15},
 url = {http://dl.acm.org/citation.cfm?id=647859.736135},
 acmid = {736135},
 publisher = {Springer-Verlag},
 address = {London, UK, UK}
}

@article{Nestorov:1997:ISS:271074.271084,
 author = {Nestorov, Svetlozer and Abiteboul, Serge and Motwani, Rajeev},
 title = {Inferring structure in semistructured data},
 journal = {SIGMOD Rec.},
 issue_date = {Dec. 1997},
 volume = {26},
 number = {4},
 month = dec,
 year = {1997},
 issn = {0163-5808},
 pages = {39--43},
 numpages = {5},
 url = {http://doi.acm.org/10.1145/271074.271084},
 doi = {10.1145/271074.271084},
 acmid = {271084},
 publisher = {ACM},
 address = {New York, NY, USA}
} 

@book{Milner:1989:CC:534666,
 author = {Milner, R.},
 title = {Communication and Concurrency},
 year = {1989},
 isbn = {0131149849},
 publisher = {Prentice-Hall, Inc.},
 address = {Upper Saddle River, NJ, USA}
}

@article{Paige:1987:TPR:37185.37186,
 author = {Paige, Robert and Tarjan, Robert E.},
 title = {Three partition refinement algorithms},
 journal = {SIAM J. Comput.},
 issue_date = {December 1, 1987},
 volume = {16},
 number = {6},
 month = dec,
 year = {1987},
 issn = {0097-5397},
 pages = {973--989},
 numpages = {17},
 url = {http://dx.doi.org/10.1137/0216062},
 doi = {10.1137/0216062},
 acmid = {37186},
 publisher = {Society for Industrial and Applied Mathematics},
 address = {Philadelphia, PA, USA}
}

@misc{rdfconcepts,
  added-at = {2009-07-17T22:34:37.000+0200},
  author = {Klyne, Graham and Carroll, Jeremy J.},
  biburl = {http://www.bibsonomy.org/bibtex/2ab037eb2a34cc988d4eb90ddeb144b0a/kf},
  description = {Ontology and GIS},
  howpublished = {World Wide Web Consortium, Recommendation
		 REC-rdf-concepts-20040210},
  interhash = {4ec789f7af499569daace4f3ae925cec},
  intrahash = {ab037eb2a34cc988d4eb90ddeb144b0a},
  keywords = {imported},
  month = {February},
  timestamp = {2009-07-17T22:34:37.000+0200},
  title = {Resource Description Framework ({RDF}): Concepts and
		 Abstract Syntax},
  topic = {rdf[1]},
  updates = {rdf},
  uri = {http://www.w3.org/TR/rdf-concepts/},
  year = 2004
}

@incollection{kbisim-map,
year={2013},
isbn={978-3-642-39466-9},
booktitle={Big Data},
volume={7968},
series={Lecture Notes in Computer Science},
editor={Gottlob, Georg and Grasso, Giovanni and Olteanu, Dan and Schallhart, Christian},
doi={10.1007/978-3-642-39467-6\_18},
title={Bisimulation Reduction of Big Graphs on MapReduce},
url={http://dx.doi.org/10.1007/978-3-642-39467-6\_18},
publisher={Springer Berlin Heidelberg},
author={Luo, Yongming and Lange, Yannick and Fletcher, GeorgeH.L. and Bra, Paul and Hidders, Jan and Wu, Yuqing},
pages={189-203}
}

%%%%% DATASETS %%%%%

@MISC{dbpedia,
author = {DBpedia Team - http://wiki.dbpedia.org/Imprint},
title = {DBpedia},
month = May,
year = {2013},
howpublished = {\url{http://datahub.io/dataset/dbpedia}}
}

@MISC{twc-logd,
author = {Tetherless World Constellation, Rensselaer Polytechnic Institute},
title = {TWC: Linking Open Government Data},
month = May,
year = {2013},
howpublished = {\url{http://datahub.io/dataset/twc-logd}}
}

@MISC{enipedia,
author = {Enipedia Team @ Energy and Industry Section, TBM, Delft University of Technology},
title = {Enipedia - Energy Industry Data},
month = May,
year = {2013},
howpublished = {\url{http://datahub.io/dataset/enipedia}}
}

@MISC{b3kat,
author = {Bavarian State Library, Bavarian Library Union, Cooperative Library Network Berlin-Brandenburg},
title = {B3Kat - Library Union Catalogues of Bavaria, Berlin and Brandenburg},
month = May,
year = {2013},
howpublished = {\url{http://datahub.io/dataset/b3kat}}
}

. .
@MISC{ecs,
author = {ECS / Southampton University},
title = {ECS Southampton EPrints},
month = May,
year = {2013},
howpublished = {\url{http://datahub.io/dataset/southampton-ecs-eprints}}
}

@MISC{lobid-resources,
author = {North Rhine-Westphalian Library Service Center (hbz)},
title = {lobid. Bibliographic Resources},
month = May,
year = {2013},
howpublished = {\url{http://datahub.io/dataset/lobid-resources}}
}

@MISC{bnb,
author = {The British Library Metadata Services},
title = {British National Bibliography (BNB) - Linked Open Data},
month = May,
year = {2013},
howpublished = {\url{http://datahub.io/dataset/bluk-bnb}}
}

@MISC{datos,
author = {Ontology Engineering Group, Facultad de Informática, Universidad Politécnica de Madrid},
title = {datos.bne.es},
month = May,
year = {2013},
howpublished = {\url{http://datahub.io/dataset/datos-bne-es}}
}

@MISC{gnd,
author = {Deutsche Nationalbibliothek and German Library Networks},
title = {Gemeinsame Normdatei (GND)},
month = May,
year = {2013},
howpublished = {\url{http://datahub.io/dataset/dnb-gemeinsame-normdatei}}
}

@MISC{eures,
author = {Jentzsch, Anja},
title = {European Employment Services (EURES)},
month = May,
year = {2013},
howpublished = {\url{http://datahub.io/dataset/fu-berlin-eures}}
}

@MISC{europeana,
author = {Haslhofer, Bernhard and Isaac, Antoine},
title = {Europeana Linked Open Data},
month = May,
year = {2013},
howpublished = {\url{http://datahub.io/dataset/europeana-lod}}
}

@MISC{wb,
author = {Capadisli, Sarven},
title = {World Bank Linked Data},
month = May,
year = {2013},
howpublished = {\url{http://datahub.io/dataset/world-bank-linked-data}}
}

@MISC{cordis,
author = {Jentzsch, Anja},
title = {Community Research and Development Information Service (CORDIS)},
month = May,
year = {2013},
howpublished = {\url{http://datahub.io/dataset/fu-berlin-cordis}}
}

@MISC{ny-times,
author = {Sandhaus, Evan and Larson, Rob},
title = {New York Times - Linked Open Data},
month = May,
year = {2013},
howpublished = {\url{http://datahub.io/dataset/nytimes-linked-open-data}}
}
