%% Summarisation

@inproceedings{khatchadourian:2010:eswc,
 author = {Khatchadourian, Shahan and Consens, Mariano P.},
 title = {ExpLOD: Summary-based Exploration of Interlinking and RDF Usage in the Linked Open Data Cloud},
 booktitle = {Proceedings of the 7th International Conference on The Semantic Web: Research and Applications - Volume Part II},
 series = {ESWC'10},
 year = {2010},
 isbn = {3-642-13488-2, 978-3-642-13488-3},
 location = {Heraklion, Greece},
 pages = {272--287},
 numpages = {16},
 url = {http://dx.doi.org/10.1007/978-3-642-13489-0_19},
 doi = {10.1007/978-3-642-13489-0_19},
 acmid = {2155300},
 publisher = {Springer-Verlag},
 address = {Berlin, Heidelberg}
}

@article{Schaeffer:2007:SGC,
 author = {Schaeffer, Satu Elisa},
 title = {Survey: Graph Clustering},
 journal = {Comput. Sci. Rev.},
 issue_date = {August, 2007},
 volume = {1},
 number = {1},
 month = aug,
 year = {2007},
 issn = {1574-0137},
 pages = {27--64},
 numpages = {38},
 url = {http://dx.doi.org/10.1016/j.cosrev.2007.05.001},
 doi = {10.1016/j.cosrev.2007.05.001},
 acmid = {2296057},
 publisher = {Elsevier Science Publishers B. V.},
 address = {Amsterdam, The Netherlands, The Netherlands}
}

%% SSD

@article{quass:1996:sigmod,
 author = {Quass, Dallan and Widom, Jennifer and Goldman, Roy and Haas, Kevin and Luo, Qingshan and McHugh, Jason and Nestorov, Svetlozar and Rajaraman, Anand and Rivero, Hugo and Abiteboul, Serge and Ullman, Jeff and Wiener, Janet},
 title = {LORE: A Lightweight Object REpository for Semistructured Data},
 journal = {SIGMOD Rec.},
 issue_date = {June 1996},
 volume = {25},
 number = {2},
 month = jun,
 year = {1996},
 issn = {0163-5808},
 pages = {549--},
 url = {http://doi.acm.org/10.1145/235968.280355},
 doi = {10.1145/235968.280355},
 acmid = {280355},
 publisher = {ACM},
 address = {New York, NY, USA}
}

@inproceedings{chawathe:1994:ipsj,
  added-at = {2010-03-05T16:07:40.000+0100},
  author = {Chawathe, Sudarshan and Garcia-Molina, Hector and Hammer, Joachim and Ireland, Kelly and Papakonstantinou, Yannis and Ullman, Jeffrey D. and Widom, Jennifer},
  biburl = {http://www.bibsonomy.org/bibtex/248beb8729d23615af5f9ab1f68a44a2c/alexjdl},
  booktitle = {Proc. of the 16th Meeting of the Information Processing Society of	Japan},
  interhash = {81f97684911a7ed534dc0bc6a961f583},
  intrahash = {48beb8729d23615af5f9ab1f68a44a2c},
  keywords = {InformationIntegration},
  owner = {tkirsten},
  timestamp = {2010-03-05T16:07:40.000+0100},
  title = {{The TSIMMIS Project: Integration of heterogeneous information sources}},
  year = 1994
}

@ARTICLE{abiteboul:97:ijdl,
    author = {Serge Abiteboul and Dallan Quass and Jason Mchugh and Jennifer Widom and Janet Wiener},
    title = {The Lorel Query Language for Semistructured Data},
    journal = {International Journal on Digital Libraries},
    year = {1997},
    volume = {1},
    pages = {68--88}
}
